<record><leader>00000cas a22000007a 4500</leader><controlfield tag="001">16279929</controlfield><controlfield tag="008">870725d18871888iauwr ne      0    0eng d</controlfield><datafield ind1=" " ind2=" " tag="010"><subfield code="a">sn 87057749 </subfield></datafield><datafield ind1=" " ind2=" " tag="040"><subfield code="a">INP</subfield><subfield code="b">eng</subfield><subfield code="c">INP</subfield><subfield code="d">OCLCQ</subfield></datafield><datafield ind1=" " ind2=" " tag="042"><subfield code="a">msc</subfield></datafield><datafield ind1="0" ind2="0" tag="245"><subfield code="a">Sheldon Democrat.</subfield></datafield><datafield ind1=" " ind2=" " tag="260"><subfield code="a">Sheldon, Iowa :</subfield><subfield code="b">D.J. O'Connell,</subfield><subfield code="c">1887-</subfield></datafield><datafield ind1=" " ind2=" " tag="300"><subfield code="a">v.</subfield></datafield><datafield ind1=" " ind2=" " tag="310"><subfield code="a">Weekly</subfield></datafield><datafield ind1="0" ind2=" " tag="362"><subfield code="a">Vol. 1, no. 1 (Oct. 4, 1887)-</subfield></datafield><datafield ind1="1" ind2=" " tag="362"><subfield code="a">Ceased in 1888.</subfield></datafield><datafield ind1=" " ind2=" " tag="752"><subfield code="a">United States</subfield><subfield code="b">Iowa</subfield><subfield code="c">O'Brien</subfield><subfield code="d">Sheldon.</subfield></datafield><datafield ind1="0" ind2=" " tag="775"><subfield code="t">Daily Democrat (Sheldon, Iowa)</subfield><subfield code="w">(DLC)sn 87057768</subfield><subfield code="g">&lt;Nov. 4-7, 1887&gt;</subfield></datafield></record>